1878 3216
181 314 269 342 107⁸.

106 1188 144 1221 qs.
161 1187 234 1215 Aen.
247 1188 270 1220 1,

153 1228 222 1256 6⁶⁸1.

135 1661 167 1686 Ρ.
184 1655 269 1681 1226.

65 1933 143 1966 v's'b.
154 1934 270 1965 nus.

288 180 333 213 10
571 178 768 214 caman
795 179 860 212 ΒΕ
886 178 1043 213 BELLO
1070 178 1319 214 SAXONIOO.
1369 179 1414 213 L.
1439 180 1490 216 11.

454 292 654 335 Protinus
684 292 728 334 in
759 292 942 348 patriam
971 289 1193 334 Saxonum
1221 291 1380 335 nuncia
1407 293 1580 337 mittens

315 358 360 391 ‘15
399 348 492 391 Rex
522 363 652 404 super
679 347 902 405 Arcipolin
929 354 1020 390 cast
1133 362 1185 390 ue
1213 353 1381 391 caetera
1408 347 1583 394 mandat

397 403 604 447 Militibus
633 403 744 459 fidis,
773 418 828 447 ne
855 410 1032 461 propter
1059 403 1112 447 de
1143 403 1302 446 cientes

397 459 466 503 Ab
497 475 541 503 se
570 460 776 517 primates
804 461 925 516 regni
954 465 1205 503 cunctentur
1231 459 1277 502 in
1305 474 1438 510 arma,

396 515 606 559 Hostibus
634 522 683 559 ut
710 531 929 573 nunquam
959 515 1112 572 cedant
1120 521 1151 571 ⁸,
1180 514 1291 559 bene
1319 515 1482 560 credita
1509 524 1693 572 servent,

399 572 454 616 Se
484 573 568 615 cito
596 578 824 616 venturum
851 571 962 616 ferro
991 587 1070 616 sua
1097 579 1238 616 castra
1266 571 1464 616 solutum.

313 639 360 671 80
399 628 612 672 Continuo
639 629 754 685 regis
783 634 1018 672 castrenses
1046 629 1164 671 iussa
1190 628 1443 672 facessuntb·
1456 637 1484 684 ¹,

397 685 606 729 Hostibus
634 685 860 740 obsistunt,
889 683 1072 728 castellis
1100 699 1293 742 quaeque
1322 685 1566 744 propinqua

397 741 625 785 Vastantes
654 742 758 798 igni,
787 741 949 799 praeda
976 740 1069 784 vel⁰
1098 739 1227 784 caede
1257 747 1472 785 cruenta¹.

454 798 689 864 Postquam
719 796 913 840 Saxones
941 812 998 841 ex
1026 796 1292 854 principibus
1320 796 1545 842 redeunte·

396 854 652 897 Excussisse
683 853 765 896 sibi
794 853 1025 911 sperabant
1051 854 1172 910 regia
1198 853 1332 908 frena,

313 919 360 953 85
400 909 597 954 Castellis
626 910 815 968 aliquam
842 915 1028 954 tractant
1054 909 1286 953 obtendere
1313 908 1528 966 technam3

396 967 568 1024 Resque
597 966 799 1010 monebat
826 981 913 1015 eos.
943 966 1086 1009 clades
1114 980 1202 1008 non
1229 980 1366 1023 parva
1395 980 1584 1010 suorum.

396 1022 578 1066 Caetera
605 1023 757 1066 maiori
783 1022 1034 1066 circundant
1062 1021 1295 1075 obsidione,

396 1079 618 1136 Arcipolin
647 1086 790 1123 autem
819 1085 1027 1136 temptare
1056 1094 1134 1136 per
1163 1078 1430 1122 obsidionem

395 1135 548 1178 Nullus
577 1137 853 1193 presumpsit,
882 1150 1008 1178 casus
1036 1133 1313 1178 memorando
1342 1135 1519 1192 priores.

313 1202 360 1235 90
398 1192 517 1249 Ergo
547 1191 669 1235 dolos
696 1199 895 1248 artesque
923 1206 1058 1235 novas
1086 1206 1339 1248 expromere
1367 1191 1626 1248 quaen-unffi,

395 1248 612 1291 Immenso
640 1249 787 1301 monti,
819 1249 892 1306 qui
922 1249 1144 1306 proximus
1173 1248 1367 1291 imminet
1394 1247 1529 1303 urbi⁸,

395 1303 629 1348 Castellum
659 1304 1028 1362 superaedificant,
1060 1302 1253 1347 mirabile
1282 1303 1418 1348 dictu!

396 1360 509 1403 Altis
538 1360 706 1404 ilicibus
736 1367 903 1404 tantum
930 1359 1161 1404 resecando
1192 1359 1424 1416 quadratis,

395 1416 638 1460 Presidium
667 1418 846 1475 patriae,
877 1416 997 1474 vigili
1025 1423 1240 1459 tutamen⁰
1269 1415 1325 1459 ab
1354 1415 1488 1462 hoste.

314 1484 360 1516 95
399 1472 506 1516 Illuc
534 1475 763 1531 imponunt
790 1480 976 1516 armatos
1005 1472 1119 1517 mille
1149 1472 1368 1528 ducentos,

396 1529 482 1583 Qui
511 1529 821 1587 despectarent,
852 1529 994 1573 hostes
1023 1529 1307 1587 quodcunque
1336 1535 1550 1586 pararent,

396 1586 462 1629 Ne
492 1587 588 1644 quis
618 1587 777 1644 possitf
805 1587 866 1629 eis
895 1585 1060 1630 deferre
1089 1585 1272 1638 cibaria3
1302 1584 1402 1628 vel&
1430 1587 1467 1628 si

394 1642 598 1700 Unquam
627 1642 888 1686 descendant
915 1641 1123 1705 praedas¹¹
1151 1641 1208 1685 ad
1236 1641 1511 1698 diripiendas,

394 1698 674 1742 Descendant
701 1706 749 1741 ut
777 1705 821 1742 et
848 1699 942 1752 hii¹,
972 1698 1254 1742 concurrant*
1282 1697 1476 1741 hostibus
1503 1698 1662 1743 hostes.

285 1764 355 1797 100
392 1755 452 1797 Et
480 1755 720 1799 castellanis
748 1755 896 1798 furtim
925 1754 1140 1812 stipendia
1168 1755 1204 1796 si
1234 1754 1330 1811 quis

394 1811 563 1866 Attulit,
593 1818 668 1855 aut
696 1818 884 1866 caecant,
914 1827 986 1854 sus
1020 1811 1181 1854 endunt
1210 1811 1300 1854 sive
1329 1810 1556 1856 trucidant.

399 1866 589 1925 Utraque
617 1869 704 1911 iam
733 1867 922 1911 resident
950 1883 977 1911 a
1008 1867 1142 1910 versis
1229 1867 1344 1910 mina
1372 1867 1536 1923 castris,

395 1923 510 1966 Hinc
539 1925 677 1967 maior
705 1939 922 1979 numerus,
951 1923 1051 1967 hinc
1080 1922 1189 1966 bello
1247 1923 1362 1966 clara
1389 1923 1601 1966 iuventus.

395 1980 607 2024 Hostibus
635 1987 684 2023 ut
711 1987 905 2035 noceant,
934 1978 1086 2037 vigiles
1115 1978 1390 2036 speculantur
1417 1979 1601 2037 utrique,

286 2045 354 2078 105
393 2035 485 2079 Nec
513 2043 681 2094 ponunt
708 2036 811 2079 fessi
838 2042 1071 2079 nocturnae
1099 2034 1294 2079 membra
1321 2036 1468 2093 quieti.

395 2092 542 2135 Nostri
570 2094 752 2136 maiores
781 2091 893 2136 bello
922 2106 1186 2149 numeroque
1217 2093 1403 2135 minores

397 2148 620 2192 Saxonum
649 2149 819 2191 turbam
849 2148 982 2192 multo
1012 2149 1244 2191 certamine
1273 2154 1359 2191 tem
1394 2153 1509 2191 tant:

395 2205 520 2247 Nunc
548 2213 711 2247 arcus¹¹¹
742 2204 912 2260 celeres,
942 2219 1055 2247 nunc
1085 2211 1327 2247 contorsere
1387 2203 1548 2259 alistas,

396 2260 606 2304 Hostibus
635 2261 826 2304 adversis
856 2262 1114 2316 transfigunt
1143 2266 1317 2317 pectora¹
1346 2259 1456 2313 telis,

286 2327 355 2360 110
394 2318 519 2360 Nunc
547 2317 628 2360 illis
657 2319 747 2375 igni
775 2323 1054 2376 corrumpunt
1081 2317 1276 2360 moenia¹¹
1307 2317 1447 2372 castri,

283 2459 314 2492 a)
333 2459 464 2486 caedant
487 2461 520 2492 ις
542 2460 655 2486 cedant
678 2459 705 2485 2.
777 2458 809 2492 b)
832 2459 841 2485 1
845 2465 977 2485 aaaaaaa
979 2460 991 2484 t
1014 2459 1039 2483 1.
1113 2456 1141 2490 c)
1163 2459 1194 2483 et
1217 2457 1250 2489 23
1271 2457 1448 2490 praedaque
1469 2458 1501 2482 et
1519 2456 1644 2482 corruit
1664 2455 1785 2482 Boubon

282 2500 316 2532 d)
338 2500 461 2531 quaerit
491 2501 518 2526 2.
620 2498 650 2532 e)
674 2502 810 2525 tutamu-
832 2499 866 2531 2;
895 2497 1007 2524 Beuber
1034 2497 1093 2522 iam
1121 2496 1278 2522 emendavit
1299 2499 1331 2521 ue
1354 2497 1368 2523 1
1391 2495 1484 2524 habet.
1586 2494 1611 2530 f)
1632 2499 1737 2528 posset
1759 2497 1787 2522 2.

283 2538 316 2572 g)
339 2542 370 2565 et
391 2540 418 2566 ἲ.
508 2538 541 2571 h)
563 2539 602 2565 ad
623 2546 668 2572 pr.
693 2539 721 2564 2.
811 2537 835 2571 i)
855 2538 897 2563 ’ἑο
918 2539 954 2570 ²3
974 2537 1006 2562 hi
1029 2538 1057 2563 1.
1159 2535 1192 2568 k)
1216 2542 1314 2562 ccccc
1317 2538 1402 2562 trent
1423 2536 1459 2568 23
1480 2534 1592 2562 Rubor
1611 2535 1737 2562 correxit
1755 2537 1789 2561 ut

285 2579 300 2604 ι
323 2578 413 2605 habet.
494 2577 519 2612 1)
540 2578 616 2604 belli
640 2581 666 2605 1.
750 2577 792 2611 m)
814 2584 917 2603 arcem
940 2579 966 2603 1.
1047 2574 1080 2609 n)
1102 2575 1227 2601 maenia
1248 2576 1288 2601 2:

287 2692 324 2732 1)
343 2690 398 2735 (ΣΥ.
416 2690 504 2725 Aen.
524 2691 594 2732 IV,
613 2691 704 2723 295.-
729 2692 827 2724 iussa
842 2691 1037 2724 facessunt.
1113 2689 1153 2731 2)
1181 2687 1234 2731 (J.
1251 2687 1298 2722 ib.
1318 2687 1351 2730 I,
1371 2687 1462 2722 471:
1486 2687 1652 2721 vastabat
1676 2685 1787 2720 caede

284 2745 463 2774 cruentus.
587 2739 628 2784 3)
654 2740 935 2783 Harzburyemi.
963 2738 1088 2772 Bruno
1121 2749 1149 2781 e.
1179 2738 1224 2769 29
1265 2737 1388 2771 eadem
1413 2742 1543 2770 narrat
1567 2746 1660 2780 quae
1679 2738 1789 2778 poeta

284 2801 317 2823 v.
345 2789 530 2822 83—114.
563 2789 687 2829 haime,-
723 2789 863 2822 brevius
897 2787 1092 2822 earundem
1122 2798 1242 2820 rerum
1267 2786 1390 2820 Lamb.
1412 2797 1452 2829 p.
1480 2785 1563 2826 205,
1590 2784 1613 2818 l.
1639 2784 1688 2817 40
1714 2794 1787 2828 sqq.

284 2837 490 2871 mencionem
498 2838 600 2882 feeit.
618 2856 666 2863 -
685 2837 739 2881 Cf.
757 2837 844 2872 Aen.
865 2838 897 2879 I,
918 2838 987 2869 419
1006 2848 1056 2880 sq.
1068 2848 1079 2868 .-
1106 2837 1233 2870 collem
1251 2837 1311 2880 qui
1329 2836 1500 2879 plurimus
1516 2834 1595 2868 urbi
1615 2834 1787 2868 imminet.
