1878 3216
345 827 784 888 CONQUESTIO
820 828 1134 878 HEmmoI
1168 829 1256 877 tv.
1293 799 1754 878 IMPERATORJS

634 895 730 945 AD
766 895 1159 947 HEINRIGUM
1194 895 1451 946 FILIUM.

1867 656 1878 959 ἒ

409 1029 525 1072 Proli
555 1029 734 1073 dilectae
764 1045 931 1072 summo
962 1036 1085 1087 pater
1114 1029 1215 1072 exul
1243 1030 1286 1071 in
1317 1027 1421 1073 orbe

410 1085 627 1139 Querere¹¹
655 1087 871 1140 virtutem,
903 1101 1011 1144 quae
1040 1086 1115 1129 dat
1174 1086 1312 1128 uesita
1340 1083 1532 1128 salutem.

409 1141 519 1186 Cum
550 1141 742 1185 naturale
771 1149 937 1185 constet
963 1148 1086 1186 natos
1116 1157 1142 1185 a
1174 1157 1318 1185 amare

408 1199 573 1252 Patres,
602 1205 646 1241 et
674 1214 771 1241 cum
802 1200 860 1240 sis
889 1200 994 1242 mihi
1021 1198 1134 1241 filius
1161 1199 1313 1240 unicus
1342 1196 1478 1251 heres,

355 1266 374 1296 5
410 1255 544 1297 Miror
571 1255 685 1298 nonb
714 1255 943 1309 modicum,
982 1256 1077 1312 quis
1106 1261 1148 1297 te
1177 1254 1282 1296 mihi
1310 1254 1411 1296 fecit
1439 1253 1647 1310 iniquum.

408 1312 460 1354 In
489 1327 558 1354 me
586 1318 762 1354 naturae
792 1313 935 1369 queris
964 1311 1200 1354 contrarius
1229 1325 1335 1353 esse.

407 1367 525 1410 Exul
553 1383 660 1425 agor
689 1369 840 1425 patria,
870 1374 919 1410 tu
948 1367 1170 1411 delectaris
1198 1367 1244 1408 in
1271 1365 1357 1409 illa.

410 1423 449 1467 O
481 1425 628 1467 mitem
655 1424 822 1467 natum!
854 1425 949 1482 quis
979 1430 1022 1466 te
1049 1423 1151 1466 fecit
1180 1421 1466 1465 sceleratum?

406 1481 462 1523 Ei
491 1480 616 1523 mihi!
648 1481 743 1538 quis
773 1486 939 1538 patrem
967 1486 1269 1536 contempnere
1297 1479 1432 1521 suasit
1458 1476 1697 1520 inermem?

328 1547 373 1578 10
409 1536 447 1579 Ο
479 1552 561 1591 res,
590 1552 659 1579 res
688 1538 818 1579 mira!
847 1552 962 1590 vere,
992 1551 1093 1578 vere
1122 1534 1421 1592 reprobanda!

407 1593 565 1647 Queso,
597 1593 692 1650 quis
723 1592 888 1636 audivit
915 1593 1033 1646 haec,
1063 1591 1132 1635 vel
1162 1592 1257 1648 quis
1284 1590 1387 1633 talia
1414 1589 1536 1642 vidit,

406 1648 607 1692 Gaudeat
636 1655 708 1692 ut⁰
736 1655 877 1703 natus,
907 1655 1030 1706 pater
1059 1647 1160 1690 exul
1189 1653 1232 1690 et
1260 1646 1538 1703 exagitatus?

405 1705 575 1763 Inspice
605 1706 850 1762 scripturas,
880 1720 949 1748 res
978 1710 1120 1761 gestas
1149 1709 1278 1761 atque
1306 1703 1494 1746 futuras:

405 1762 650 1819 Numquam
681 1763 881 1819 reperies,
912 1762 1015 1818 quin
1044 1766 1166 1818 peste
1195 1760 1330 1816 patris
1358 1758 1460 1801 fleat
1487 1757 1624 1801 heres.

324 1827 368 1859 15
405 1818 491 1861 Sed
520 1824 568 1860 tu
597 1819 779 1860 tristaris
809 1818 863 1860 de
893 1817 1177 1874 prosperitate
1206 1816 1408 1872 parentis.

407 1874 516 1927 Quis
546 1874 664 1917 dedit
692 1873 952 1931 exemplum,
982 1888 1079 1915 cum
1108 1887 1195 1914 non
1224 1873 1279 1914 sit
1307 1873 1352 1914 in
1381 1870 1484 1915 orbe
1511 1874 1729 1927 repertum

406 1931 626 1974 Hactenus
656 1931 754 1972 huic
784 1929 952 1972 simile?
1009 1929 1225 1982 Quidnam
1236 1928 1270 1982 ¹¹,
1299 1927 1416 1985 quod
1444 1925 1583 1970 eredis
1611 1923 1777 1969 habene
1855 1964 1858 1966 .

407 1987 516 2029 Esse
546 1987 621 2028 diu
650 1992 789 2029 rector
816 1993 864 2028 tu
892 1986 1002 2028 tanti
1032 1985 1220 2027 criminis
1250 1983 1427 2026 auctor?
1856 2006 1858 2009 ·

406 2042 532 2085 Unde
562 2042 697 2085 scelus
727 2042 927 2085 tantum?
984 2041 1094 2084 Puto
1124 2041 1177 2083 de
1206 2041 1365 2097 pietate
1394 2043 1634 2096 parentum.

323 2109 370 2141 20
406 2099 528 2152 Quae
557 2098 635 2141 tibi
664 2098 847 2142 natura?
903 2098 995 2140 Nec
1023 2104 1161 2140 mater
1189 2102 1280 2139 erat
1306 2096 1383 2139 tibi
1414 2095 1534 2146 dura,

406 2155 497 2198 Nec
526 2164 677 2198 sevus0
707 2156 886 2212 genitor,
916 2155 1037 2197 Deus
1067 2159 1132 2196 est
1159 2153 1265 2195 mihi
1291 2153 1413 2195 testis
1443 2157 1486 2194 et
1513 2156 1664 2194 auctor
1691 2173 1744 2182 -

406 2211 561 2254 Nescio
591 2211 644 2254 de
674 2218 808 2254 matre
843 2238 906 2266 -‚
934 2225 1171 2267 numquam
1201 2209 1338 2251 caruit
1367 2209 1540 2265 pietate.

406 2267 524 2320 Quid
551 2267 631 2310 tibi
660 2268 849 2325 peccavi,
878 2267 962 2309 nisi
991 2265 1106 2323 quod
1135 2272 1176 2308 te
1205 2271 1319 2307 totus
1350 2263 1492 2306 amavi

406 2324 465 2366 Et
492 2325 631 2380 patrio
662 2339 779 2366 more
810 2324 945 2366 ditavi
974 2323 1088 2378 regis
1119 2321 1310 2364 honore?

322 2390 368 2422 25
403 2380 529 2422 Nunc
557 2387 632 2422 tua
661 2381 924 2437 prosperitas
954 2378 1068 2421 diras
1098 2377 1224 2420 infert
1251 2376 1356 2418 mihi
1384 2389 1559 2442 poenas.

407 2436 446 2477 Ο
479 2437 643 2493 superi!
675 2437 792 2478 mitis
822 2450 932 2493 quae
961 2433 1065 2477 talia
1092 2434 1259 2490 premia
1281 2432 1440 2530 'pati-is!

407 2491 446 2535 O
476 2492 549 2545 fili,
580 2492 653 2545 fili,
683 2493 788 2535 mihi
817 2507 947 2549 quam
976 2489 1219 2533 dulcissime
1248 2489 1277 2530 fi
1318 2488 1328 2529 !

409 2549 455 2590 Si
484 2549 564 2591 tibi
593 2556 693 2590 sunt
721 2549 902 2602 animus,
932 2545 1137 2604 probitati,
1167 2545 1417 2598 reverentia,
1446 2544 1597 2597 virtus,

293 2670 324 2706 ιι)
346 2671 448 2703 Quen-e
469 2679 512 2704 e.‚·
533 2678 610 2697 corr.
633 2670 716 2699 Wau.
807 2669 840 2702 b)
861 2670 895 2696 {n
915 2677 957 2702 e.,·
978 2677 1054 2695 corr.
1074 2667 1173 2699 wau„-
1201 2667 1350 2693 Gundlach
1368 2667 1461 2700 μισ.
1481 2664 1682 2692 inmodicu-
1700 2663 1795 2697 unm

291 2715 394 2737 contra
411 2711 581 2743 prosodiam
596 2711 734 2742 peccavit.
795 2709 823 2743 e)
847 2717 930 2735 nune
944 2716 989 2741 ο.,·
1009 2715 1085 2734 corr.
1113 2706 1196 2733 Watt.
1269 2706 1300 2739 d)
1322 2707 1404 2739 quod
1426 2711 1593 2738 numquam
1613 2710 1657 2732 er.
1677 2703 1796 2730 luber·

291 2758 338 2783 e.,·
357 2751 452 2776 nexio
473 2758 514 2776 an
534 2751 623 2782 leyen
646 2750 760 2782 pouit:
783 2749 887 2775 simile
909 2747 1016 2781 quod?
1064 2746 1220 2778 Numquid
1253 2746 1354 2772 cred!-
1375 2745 1514 2776 habe-neg
1542 2742 1683 2770 menno
1702 2743 1795 2776 baen-

292 2791 360 2816 dum
379 2797 439 2816 uae
458 2789 576 2816 coniecit
597 2790 681 2815 aiam
704 2788 745 2815 W.
767 2789 801 2814 de
818 2788 1003 2814 (κακὸν-ωλι.
1103 2787 1134 2820 e)
1157 2793 1263 2812 servu·
1284 2792 1330 2818 ο.,·
1348 2792 1427 2814 corr.
1451 2783 1538 2811 Van.
1617 2781 1642 2816 f)
1665 2782 1735 2809 mvl
1755 2781 1797 2809 d·

292 2837 315 2857 ο.
325 2838 336 2862 ,·
356 2829 393 2862 qs.
415 2837 440 2856 ν.
464 2830 523 2862 u,-
543 2829 643 2855 caruit
661 2829 782 2854 coniecit
802 2828 877 2854 Giu-
