1878 3216
291 190 336 223 12

186 312 273 340 1⁰⁷⁴.
291 313 360 345 145

139 359 171 384 ρ.
187 352 274 378 182⁷.

290 594 362 628 150

291 876 360 909 155

71 924 110 957 cs.
120 923 191 950 Aen.
205 922 275 955 ΧΗ,

153 962 224 989 906.

292 1158 361 1190 160

294 1439 363 1472 165

93 1492 131 1525 es.
147 1494 173 1518 1.
188 1492 276 1520 Mace.

142 1532 169 1565 6,
182 1532 230 1559 89.

293 1720 363 1752 170

92 1944 130 1977 cs.
141 1943 212 1972 Aen.
224 1945 277 1974 XI.

153 1985 222 2011 254.
293 2002 362 2035 175

70 2071 275 2105 ςῙᾹὸᾹΧΑἳΟ.

291 2235 322 2265 a)
347 2233 431 2266 infra
453 2232 512 2265 111,
535 2232 582 2264 92,
604 2233 654 2257 ubi
674 2233 746 2258 idem
766 2239 867 2258 verme
888 2232 1021 2262 recurrit,
1044 2232 1200 2264 frequens.

290 2272 322 2305 d)
345 2280 433 2305 quer.
455 2273 483 2299 2.

291 2320 318 2339 a.
341 2319 482 2339 reeursos
507 2313 533 2338 1.

293 2408 330 2449 1)
359 2406 413 2451 Cf.
439 2418 552 2451 supra
570 2406 625 2448 II,
656 2407 736 2441 118.
756 2413 786 2440 el
807 2418 847 2450 p.
879 2408 934 2448 11,
961 2419 996 2440 n.
1017 2407 1051 2439 2.

290 2458 355 2490 alis
381 2457 513 2498 hiems;
543 2456 670 2501 Georq.
698 2456 769 2497 IV,
802 2456 867 2488 135
894 2468 961 2499 sq..·
986 2457 1034 2488 Et
1059 2466 1138 2488 cum
1164 2456 1274 2488 tristis
1292 2455 1404 2488 hiems
1423 2480 1433 2488 .

288 2507 447 2540 frenaret
459 2516 643 2550 aquarum.

288 2556 352 2589 illa
367 2556 479 2599 prius,
496 2555 629 2598 patulis
647 2566 742 2589 nunc
760 2555 903 2598 hospita
919 2554 1097 2598 plaustris.
1117 2564 1269 2598 aeraque
1288 2553 1466 2587 dissiliunt
1481 2552 1588 2596 volgo
1604 2557 1795 2597 vestesque

290 2606 490 2647 rigescunt3
522 2603 568 2637 ib.
596 2605 686 2636 352:
717 2604 841 2637 clausa
873 2608 997 2637 tenent
1034 2603 1182 2636 stabulis
1214 2607 1386 2636 armenta.

284 2665 323 2696 p.
350 2654 440 2686 207:
466 2654 592 2697 Frigus
616 2657 692 2686 erat
709 2653 977 2692 validissimum,
1004 2657 1040 2685 et
1056 2651 1206 2685 hiberna
1226 2652 1388 2685 siccitate
1405 2652 1557 2685 arebant
1580 2651 1702 2685 omnia
1718 2653 1794 2691 otc„

288 2713 367 2735 cum
392 2713 456 2736 rex
474 2701 647 2744 Hersfelcl
671 2703 833 2736 venisset.

289 2751 378 2786 Aen.
427 2751 473 2790 V,
509 2751 580 2783 583
616 2762 688 2794 sq..·
733 2751 817 2784 inde
851 2751 939 2784 alios
974 2750 1099 2783 ineunt
1132 2761 1254 2783 cursus
1282 2751 1442 2794 aliosque
1467 2759 1629 2783 recursus
1653 2748 1794 2781 adversi

289 2801 414 2844 spatiis
441 2801 667 2844 alternosque
693 2801 835 2833 orbibus
867 2800 981 2833 orbes.
1090 2799 1128 2842 7)
1154 2799 1262 2843 Reyie
1295 2798 1468 2833 exercitus
1495 2801 1645 2842 propter
1667 2795 1792 2842 frique

579 190 776 226 CARMEN
800 191 867 226 DE
892 192 1051 227 BELLO
1078 193 1328 230 saxomco.
1377 194 1421 230 L.
1448 195 1499 230 Π.

399 302 667 361 Infaustique
698 318 797 347 suas
826 305 919 347 ausi
949 303 1162 347 dimittere
1192 318 1330 349 curas.

400 359 519 416 Ergo
549 359 762 403 fremens⁸
791 361 955 418 campis
985 362 1196 404 exercitus
1225 361 1318 404 ibat
1345 363 1504 419 apertis
1516 370 1548 419 ¹,

400 415 511 459 Cum
540 415 732 472 glacialis
762 416 899 459 hiems
928 431 1078 459 cursus
1106 416 1294 460 frenarat
1323 432 1531 475 aquarum
1544 426 1575 475 ²,

400 472 530 514 Unda
562 487 628 527 ue,
657 473 842 529 navigiis
870 474 1004 530 prius,
1034 473 1129 516 esth
1157 472 1286 516 modo
1315 475 1466 530 pervia
1493 473 1738 532 plausu-iv.

400 528 452 570 In
482 534 547 571 sta
579 528 660 571 ulis
690 535 896 582 armenta,
925 530 1041 572 ferae
1071 528 1276 586 silvisque
1305 529 1525 587 rigebant3

401 584 539 627 Multa
566 584 835 628 metallorum
865 600 943 642 pre
970 585 1130 642 frigore
1159 585 1394 641 dissiluere,

400 640 519 695 Nec⁰
550 642 693 683 minus
722 647 766 684 et
794 640 962 698 pluvias
991 643 1108 685 venti
1138 642 1304 708 spirant
1332 642 1575 687 hiemalev.

401 697 519 740 Talis
549 703 783 754 tempestas
814 696 1035 740 Saxonum
1065 699 1244 754 contigit
1272 697 1375 753 alas,

401 753 472 795 Ex
502 752 659 810 quibus
687 755 903 796 intereunt
931 753 1173 797 miserando
1202 754 1350 797 funere
1378 755 1515 799 multi.

402 809 513 852 Nam
542 808 700 865 vulgus
728 809 922 866 peditum
952 809 1153 866 gradiens
1182 825 1261 867 per
1289 809 1415 854 devia
1442 811 1615 867 fessum,

401 866 520 908 Dum
551 865 671 908 sedet
698 866 742 907 in
771 867 934 922 campis
963 868 1156 923 requiem
1180 867 1460 964 ‘quaerendo‘¹
1490 866 1663 924 laboris,

401 922 581 979 Frigore
611 929 890 965 concrescunt
919 922 1073 966 sudore
1108 937 1180 965 ma
1211 923 1326 966 entia
1353 923 1560 968 membra.

402 977 598 1035 Corpora
627 978 763 1020 multa
791 978 891 1034 gelu
919 985 1126 1022 nocturno
1155 978 1370 1035 diriguere

403 1035 455 1076 In
486 1033 618 1086 silvis,
649 1034 749 1077 hinc
777 1035 889 1090 igne,
921 1035 997 1078 sed
1025 1035 1124 1078 hinc
1153 1041 1356 1092 corrupta
1384 1036 1564 1093 pruinis.

401 1091 485 1133 Ast
514 1092 680 1148 equites
709 1092 791 1134 arti
820 1099 1044 1148 carpentes
1074 1092 1225 1148 pervia
1254 1091 1372 1134 callis

401 1148 440 1188 A
471 1154 592 1204 tergo
622 1148 862 1233 insequitur
890 1149 957 1190 vis
986 1148 1178 1190 maxima
1205 1147 1387 1191 turbinis
1416 1149 1566 1191 815ιὶεΗ

402 1204 708 1260 Excussosque
765 1204 837 1246 via
865 1202 1034 1246 cumulo
1062 1205 1174 1246 nivis
1203 1203 1370 1247 abdidit
1398 1204 1521 1248 altae.

404 1260 488 1302 Hie
515 1275 594 1302 nec
624 1275 765 1303 sessor
793 1275 951 1317 equum
981 1261 1112 1313 iuvat,
1143 1266 1218 1302 aut
1244 1261 1366 1303 iuvat
1393 1260 1464 1303 ille
1493 1260 1726 1305 sedentem.

406 1316 627 1359 Saxonum
657 1316 781 1358 multi
811 1316 1058 1359 ceciderunt
1085 1316 1235 1359 funere
1263 1316 1351 1359 tali.

405 1371 587 1415 Caetera
614 1372 669 1416 de
698 1373 829 1415 tantis
858 1387 960 1429 pars
989 1378 1244 1415 conservata
1271 1372 1456 1430 periclis,

403 1429 465 1471 Re
499 1429 533 1470 ‘s
562 1435 611 1471 ut
639 1430 867 1471 instructas
897 1428 1016 1472 videt
1043 1429 1276 1472 adventare
1306 1429 1513 1483 cohortes,

405 1484 463 1527 So
508 1491 550 1527 et
579 1486 623 1527 in
652 1491 824 1528 auratas
853 1485 997 1541 galeas
1027 1484 1081 1527 cli
1114 1499 1272 1542 eosque
1302 1485 1477 1541 refulsit,

404 1539 553 1584 Cernit
582 1548 625 1584 et
654 1543 807 1584 erectis
836 1542 950 1584 acies
978 1542 1073 1584 ince
1105 1548 1206 1584 eress
1236 1542 1384 1598 signis,

404 1597 613 1640 Horribili
643 1604 788 1655 stupet
816 1604 1016 1655 aspectu3
1045 1597 1150 1640 furit
1177 1598 1328 1654 igneus
1358 1597 1487 1640 ardor

404 1653 673 1697 Consumens
701 1653 825 1696 villas
853 1655 898 1696 in
928 1655 1108 1696 circuitu
1135 1669 1398 1696 numerosas.

404 1710 668 1753 Procurrunt
696 1712 861 1768 equites
892 1725 948 1752 ex
977 1711 1149 1767 agmine
1179 1711 1293 1767 regis
1323 1709 1498 1762 alacres,

403 1766 699 1832 Exultantque
729 1767 818 1809 suis
847 1766 1066 1809 flectentes
1095 1765 1203 1809 colla
1231 1765 1418 1818 caballis,

402 1822 603 1866 Alternos
632 1829 781 1866 meunt
809 1822 1058 1865 discursus¹¹
1087 1829 1216 1880 atque
1242 1837 1442 1865 recursus
1454 1829 1485 1878 ⁸,

403 1879 616 1922 Versuras
646 1879 804 1922 celeres
834 1878 1054 1936 duplicant
1084 1894 1139 1922 ue
1169 1878 1370 1921 decenter
1397 1884 1616 1935 equestres

403 1935 469 1978 Ae
498 1935 710 1978 desiderio
739 1935 963 2001 pugnandi
989 1894 1103 1979 belila
1130 1934 1357 1977 lacessunt.

401 1992 493 2035 Nee
522 1992 717 2049 predicta
745 1993 848 2034 viris
878 1997 1115 2034 nocuerunt
1142 1991 1304 2046 frigora
1331 1991 1460 2032 tantis
1473 1998 1501 2044 ⁷,

402 2048 513 2091 Nam
545 2049 719 2104 sanguis
749 2047 938 2090 calidusi
971 2047 1052 2089 fuit
1080 2047 1146 2089 his
1176 2054 1219 2090 et
1247 2046 1400 2090 bellica
1427 2047 1577 2090 virtus.

404 2104 526 2147 Talia
555 2103 750 2147 Saxones
778 2105 1043 2147 irritamenta
1070 2103 1277 2158 videntes,

1265 2230 1297 2265 b)
1320 2234 1351 2258 et
1374 2232 1399 2258 1.

564 2271 595 2305 e)
618 2276 705 2298 atrae
726 2273 752 2299 1.
834 2271 858 2304 ί)
883 2272 1115 2304 Excussossque
1140 2274 1165 2298 1.
1248 2271 1280 2305 g)
1302 2270 1451 2297 accedere
1475 2271 1502 2297 8.

614 2310 637 2344 i)
660 2311 791 2338 callidus
814 2312 841 2337 1.

719 2506 759 2547 3)
777 2504 830 2548 Q‘.
851 2506 976 2549 θεον-ᾳ,
996 2503 1075 2545 III,
1094 2505 1306 2537 361—363:
1322 2504 1489 2548 undaque
1508 2528 1516 2537 .

910 2701 949 2743 5)
977 2700 1030 2743 cf.
1053 2699 1143 2735 Aen.
1159 2700 1205 2739 x,
1233 2701 1322 2733 603:
1346 2701 1496 2734 turbinis
1516 2701 1595 2734 am:

290 2860 455 2884 annonae
489 2848 648 2893 inopiam
667 2859 803 2892 passus
829 2853 889 2890 est,
923 2855 962 2881 ut
988 2847 1112 2882 Lamb.
1139 2849 1260 2891 refert.

1463 2230 1492 2262 c)
1513 2230 1599 2257 nnec
1621 2231 1658 2263 Ως
1679 2230 1744 2257 Nee
1766 2232 1793 2258 1.

1583 2268 1617 2304 h)
1638 2269 1794 2296 ‹li-curso·

1128 2405 1167 2448 2)
1196 2405 1247 2449 Cf.
1274 2405 1362 2439 Aen.
1389 2405 1468 2444 III,
1495 2405 1587 2439 285.-
1610 2406 1658 2439 Et
1681 2405 1793 2448 glaci-

1461 2481 1470 2489 .
1499 2478 1509 2488 .
1526 2455 1643 2498 glacie
1670 2464 1793 2488 cursus

1546 2530 1552 2538 .
1581 2528 1590 2536 .
1617 2503 1794 2548 puppibus

1510 2602 1550 2637 4»
1578 2600 1631 2646 cy.
1669 2599 1793 2635 Lama.

1671 2699 1712 2740 ο)
1738 2696 1793 2742 cy.
