1878 3216
284 207 335 242 VI
658 206 855 241 GARMEN
880 206 946 240 DE
972 206 1131 240 BELLO
1159 205 1412 240 SAxomco.

395 320 493 364 Iam
514 319 671 363 dehinc
691 320 781 362 viri
800 319 917 362 docti
934 318 1158 376 indaqare
1183 319 1332 362 conati
1360 324 1477 371 sunt,
1507 319 1607 376 quis
1637 324 1793 363 auctor

281 377 499 421 carminis
523 375 685 433 fuerit,
719 382 758 418 et
788 375 986 419 diversas
1016 375 1099 418 hac
1130 375 1183 418 de
1211 390 1258 418 re
1287 376 1525 418 sententias
1548 388 1791 433 proposue-

281 440 401 477 runt.
468 433 610 490 Atque
651 434 814 489 paucis
851 433 1073 475 monuisse
1111 430 1277 487 sufficit
1315 429 1601 475 Goldastwm¹
1644 433 1791 488 primo

281 491 527 547 Rupertum
583 490 851 546 raepositum
873 487 1211 543 Goslariensem,
1242 503 1283 532 a.
1307 486 1601 531 1075—1102.
1686 488 1792 532 isco·

275 562 388 604 pum
417 545 534 588 Bam
562 559 801 603 erqensem,
835 551 1017 602 postea¹
1047 559 1147 587 vero
1176 545 1393 587 sententia
1421 549 1590 587 mutata
1662 542 1791 588 ulan·

282 604 387 646 dum
428 601 662 659 quendam,
696 616 821 658 quem
851 605 947 658 ‘pro
978 601 1171 644 Henrico
1202 600 1279 645 IV.
1308 600 1538 656 scripsisse
1566 601 1617 643 in
1644 614 1794 643 rerum

281 666 506 717 qestarum
524 659 816 701 monumentis
838 657 1030 715 leqerat',
1047 672 1132 714 pro
1163 663 1340 700 auctore
1370 656 1587 700 habuisse.
1643 655 1794 700 Aliam

281 717 576 759 coniecturam
613 715 777 757 nostris
812 714 1078 770 temporibus
1142 715 1280 756 rimus
1319 711 1381 756 W‘.
1411 713 1465 756 ds
1495 711 1793 756 Giesebrecht⁸

274 772 525 829 proposuit,
554 770 831 813 Lambertum
860 770 1060 813 videlicet
1125 769 1442 826 ersfeldensem,
1471 767 1793 812 celeberrimum

93 848 152 883 ορ,
179 850 265 878 1215,
282 828 517 871 annalium
545 829 822 883 scriptorem,
859 827 1024 883 ‘ipsum
1054 841 1232 870 carmen
1261 826 1577 881 composuisse,
1613 827 1725 882 quia
1752 826 1794 869 is

283 900 326 927 se
356 899 534 927 carmen
595 883 787 926 uoddam
817 884 989 926 heroico
1019 889 1152 926 metro
1183 882 1501 938 conscripsisse
1529 881 1580 924 in
1607 881 1792 940 proloqo

283 942 494 984 historiae
571 938 874 996 ersfeldensis⁴
912 940 1034 982 dicit.
1097 938 1180 983 Cui
1210 938 1514 995 adstipulatus
1545 938 1623 982 Th.
1652 937 1793 982 Lind-

282 1003 393 1040 ner³
433 997 512 1040 hoc
550 997 643 1039 iam
672 995 776 1052 fere
847 1011 895 1039 ro
932 1002 1045 1039 certo
1075 995 1248 1051 habuit,
1288 994 1364 1039 sed
1393 993 1794 1040 contradicentibus

286 1054 338 1097 G.
378 1053 546 1097 Waitz·
576 1058 615 1095 et
642 1052 677 1096 I.
708 1052 763 1095 A.
833 1052 978 1108 efarth
991 1059 1022 1107 ¹¹,
1084 1058 1204 1095 ostea
1234 1053 1330 1108 ipse
1360 1051 1621 1094 sententiam
1648 1055 1791 1094 muta-

284 1113 347 1152 vit
362 1116 390 1153 ⁸.
421 1109 582 1166 Nuper
602 1109 776 1166 quidem
793 1109 847 1151 A.
865 1108 1051 1151 Pannen
1081 1123 1160 1166 orq
1171 1115 1201 1163 θ,
1223 1108 1342 1166 quod
1366 1107 1426 1153 W.
1447 1106 1501 1150 de
1523 1105 1795 1150 Giesebrecht

282 1167 532 1210 cautissime
552 1166 750 1220 coniecit,
771 1165 1072 1208 demonstrare
1093 1171 1222 1223 atque
1242 1164 1517 1222 arqumentis
1531 1162 1795 1219 confirmare

281 1230 467 1267 conatus
503 1228 564 1266 est
591 1222 867 1265 Lambertum
892 1221 1042 1277 fuisse
1083 1227 1303 1264 auctorem
1341 1220 1577 1276 carminis,
1618 1224 1665 1262 at
1691 1233 1795 1263 mooe

282 1280 336 1322 A.
359 1279 516 1322 Edel¹⁰
536 1279 815 1336 gravissimis
835 1278 1085 1322 rationibus
1111 1279 1239 1321 nis-us
1259 1277 1338 1321 hoc
1366 1275 1530 1335 refellit
1558 1290 1612 1319 ac
1639 1275 1795 1319 redar-

281 1337 392 1394 quit.
466 1333 663 1378 Ostendit
700 1336 813 1377 enim
849 1349 1086 1378 sermonem
1122 1335 1336 1377 carminis
1373 1348 1466 1376 non
1503 1333 1571 1376 ita
1607 1331 1806 1376 similem.

282 1408 372 1436 esse
395 1392 630 1447 Lamberti,
660 1397 709 1434 ut
735 1391 1033 1448 Pannenborq
1063 1397 1305 1446 censuerat,
1327 1390 1564 1447 plerosque
1591 1388 1708 1432 locos
1739 1388 1794 1432 ab

283 1451 362 1492 hoc
409 1448 588 1503 allatos,
635 1454 684 1491 ut
720 1449 971 1504 opinionem
1010 1462 1138 1490 suam
1167 1447 1401 1503 probaret,
1456 1451 1536 1489 aut
1557 1446 1796 1503 perparvi

284 1513 363 1549 aut
401 1504 571 1548 nullius
610 1505 816 1547 momenti
850 1511 1015 1559 esse¹¹;
1047 1510 1206 1560 poetae
1245 1503 1487 1546 orationem
1519 1501 1704 1560 plenam
1741 1517 1795 1546 ac

282 1561 490 1618 refertam
519 1576 607 1604 esse
637 1561 768 1604 dictis
809 1560 1101 1617 Verqilianis,
1141 1560 1268 1616 apud
1296 1559 1571 1602 Lambertum
1601 1557 1795 1602 aliorum

284 1618 459 1676 quidem
481 1619 768 1674 antiquorum
793 1623 1021 1660 auctorum
1050 1617 1205 1660 multos
1234 1615 1362 1671 locos,
1393 1615 1470 1658 sed
1498 1613 1669 1658 nullum
1699 1614 1792 1658 Ver-

282 1674 386 1732 9ilii
411 1675 621 1717 inveniri.
682 1674 790 1717 Tum
821 1673 983 1727 docuit,
1021 1673 1140 1730 quod
1167 1678 1206 1714 et
1235 1671 1320 1715 alii
1349 1673 1442 1715 iam
1471 1671 1648 1728 opinati
1675 1677 1793 1726 sunt,

283 1746 382 1774 vero
407 1732 599 1787 propius
628 1745 681 1772 ac
746 1729 985 1773 robabilius
1014 1745 1115 1784 esse,
1183 1735 1366 1771 uantum
1397 1742 1654 1785 coqnoscere
1681 1727 1794 1783 licet,

285 1789 518 1830 historiam
548 1786 691 1842 Hersf
725 1787 898 1829 densem
931 1788 1022 1829 iam
1051 1800 1094 1828 a.
1127 1787 1148 1827 1
1183 1785 1239 1828 74
1268 1788 1373 1840 (aut
1404 1784 1538 1838 1075)
1569 1785 1793 1841 conscrip-

285 1851 375 1886 tam
405 1858 496 1886 esse
507 1851 557 1897 ¹²,
595 1858 692 1885 cum
722 1857 898 1885 carmen
930 1843 1066 1885 hieme
1096 1857 1137 1885 a.
1171 1840 1361 1895 1075s76
1391 1841 1675 1897 compositum
1704 1854 1794 1883 esse

283 1900 537 1955 viderimus,
566 1899 789 1942 Lamberti
807 1899 951 1957 iyitur
971 1913 1083 1956 opus
1102 1904 1235 1941 metro
1267 1898 1439 1941 heroico
1468 1897 1644 1952 editwm,
1675 1895 1796 1953 quod

284 1958 335 1999 in
370 1957 557 2013 proloyo
597 1956 810 1998 historiae
848 1961 1163 2010 commemorat,
1203 1954 1282 1997 hoc
1312 1968 1489 1997 carmen
1518 1967 1611 1996 non
1639 1951 1796 1996 haberi

278 2028 423 2069 posse,
451 2013 529 2055 illo
543 2012 698 2069 potius
723 2027 794 2054 res
823 2017 969 2069 qestas
996 2011 1255 2054 monasterii
1274 2010 1599 2066 Hersfeldensis
1627 2024 1793 2052 narra·

292 2129 329 2173 1)
368 2127 543 2173 Apologia
578 2139 648 2172 pro
685 2127 859 2162 Heinrico
899 2128 970 2161 IV.
1005 2140 1045 2172 p.
1074 2128 1132 2161 20.
1259 2127 1299 2170 2)
1332 2124 1428 2160 Ibid.
1457 2126 1554 2170 prol.
1581 2136 1624 2170 p.
1661 2127 1708 2160 14
1741 2137 1795 2170 sq.

289 2178 330 2222 3)
358 2178 418 2212 ‘D.
445 2176 533 2212 KZ:
559 2177 633 2210 III
653 2176 798 2221 (1868),
821 2189 857 2221 p.
888 2178 994 2211 101⁷.
1116 2177 1156 2218 4)
1183 2175 1250 2211 SS.
1286 2176 1325 2219 V,
1347 2187 1388 2219 p.
1417 2176 1508 2209 137.-
1533 2175 1696 2210 Scribere
1721 2174 1795 2209 ‹liu-

287 2227 395 2272 posui
420 2252 430 2262 .
457 2252 466 2261 .
494 2252 504 2262 .
531 2237 622 2271 quae
658 2227 743 2260 olim
778 2238 835 2260 me
861 2227 1012 2270 contigit
1036 2237 1145 2271 super
1169 2229 1265 2260 statu
1288 2225 1498 2260 monasterii
1521 2224 1637 2259 nostn‘
1658 2223 1718 2259 vel
1741 2223 1794 2258 le·

285 2278 383 2320 gisse
403 2276 462 2310 vel
483 2287 506 2310 a
521 2277 782 2320 probatissimis
802 2277 888 2310 viris
910 2276 1065 2316 audisse,
1093 2286 1254 2320 quaeque
1276 2275 1386 2309 etiam
1404 2275 1483 2318 ipse
1509 2277 1676 2318 expertu-
1701 2283 1793 2308 sum.

287 2350 484 2360 ......
516 2325 573 2359 Ad
598 2325 668 2359 hoe
693 2335 751 2359 me
775 2325 980 2359 accendunt
1004 2325 1124 2358 studia
1149 2335 1264 2358 rerum
1290 2324 1463 2358 moderno
1489 2327 1649 2367 tempore
1672 2327 1794 2366 gesta·

286 2386 377 2415 rum,
404 2385 619 2420 quamquam
636 2375 749 2408 sciam
774 2386 831 2408 me
856 2374 902 2407 ad
928 2374 992 2408 has
1015 2374 1270 2408 describendas
1295 2374 1412 2407 minus
1437 2372 1619 2406 idoneum.
1669 2371 1795 2413 Quas

286 2428 438 2458 tamen
462 2424 713 2468 plerasque
739 2434 804 2467 pro
827 2424 955 2467 opibus
976 2423 1150 2467 ingenioli
1170 2424 1240 2456 mei
1266 2422 1460 2456 heroico
1486 2424 1628 2455 metro
1653 2421 1794 2454 strie-

287 2474 368 2507 tim
394 2472 736 2517 comprehendi.
789 2473 862 2506 Sed
883 2474 1053 2516 quoniam
1073 2473 1187 2506 relata.
1207 2472 1253 2506 ab
1279 2472 1371 2511 aliis,
1398 2471 1444 2504 ab
1469 2470 1550 2504 aliis
1574 2469 1795 2510 refelluntur,

286 2526 325 2556 et
341 2524 379 2555 in
396 2523 557 2556 versibus
574 2522 679 2565 plura
695 2523 788 2556 falsa
805 2533 869 2565 pro
887 2523 981 2555 veris
999 2523 1184 2566 scripsisse
1212 2532 1362 2555 accusor
1387 2523 1451 2554 etc.
1534 2518 1575 2562 ὁ)
1601 2517 1718 2553 ‘Anno
1734 2518 1794 2553 II.

288 2571 355 2605 der
370 2570 522 2616 Heiliye'
543 2571 707 2614 (Lipsiae
736 2571 848 2613 1869)
870 2582 910 2614 p.
925 2572 947 2604 3
974 2582 1049 2615 sqq.
1151 2570 1190 2613 6)
1218 2569 1368 2604 Carmen
1389 2569 1506 2612 pass.
1610 2567 1645 2612 7)
1672 2567 1794 2602 ‘Lm-

290 2620 365 2655 ὀπί
390 2632 424 2655 υ.
450 2620 635 2664 Hersfeld'
666 2620 904 2663 (Ddsseldorf
926 2619 1037 2662 1871)
1060 2631 1100 2664 p.
1127 2619 1150 2652 8
1177 2631 1251 2663 sqq.
1378 2618 1416 2661 8)
1442 2617 1551 2652 ‘Hm
1578 2616 1795 2660 Zeitsohnjft'

291 2669 456 2711 XXVII,
476 2681 517 2713 p.
539 2670 625 2703 455.
726 2668 766 2713 9)
792 2668 1068 2714 ‘Forschunyen'
1094 2667 1211 2710 XXV,
1232 2679 1272 2712 p.
1291 2666 1500 2701 409—448.
1604 2666 1666 2710 10)
1692 2664 1796 2700 ‘For-

288 2718 479 2764 schunqen'
504 2717 645 2759 XXVI,
675 2730 715 2761 p.
744 2718 951 2752 531—59'1.
1087 2718 1150 2760 11)
1182 2717 1261 2751 Hoc
1293 2721 1332 2751 ut
1365 2717 1495 2751 iterum
1524 2715 1795 2757 demonstraret,

287 2767 463 2812 ingentem
486 2779 629 2812 operam
653 2766 754 2801 dedit
779 2767 827 2801 W.
847 2767 1048 2809 Gundlach,
1067 2767 1163 2801 ‘Wer
1187 2767 1233 2800 ist
1259 2767 1324 2801 der
1353 2765 1540 2809 Verfasser
1563 2764 1625 2799 des
1643 2763 1797 2798 Carmen

288 2817 333 2850 de
359 2818 448 2852 bello
473 2815 661 2851 Saxonico’
688 2816 908 2858 (Innsbruck
936 2816 1047 2859 1887)
1068 2828 1107 2860 p.
1136 2816 1320 2850 60—120.
1430 2814 1491 2856 12)
1519 2811 1574 2857 ΦΥ.
1599 2813 1707 2848 etiam
1726 2811 1795 2848 Le-

276 2867 388 2910 sarth
414 2868 436 2902 l.
464 2867 487 2902 l.
508 2878 548 2911 p.
578 2865 622 2898 18
648 2876 720 2909 sq.,·
754 2865 875 2908 Waitz,
901 2865 969 2902 SS.
1004 2865 1043 2908 V,
1063 2878 1106 2910 p.
1136 2866 1219 2899 136.
