1878 3216
513 206 713 243 cmm
736 209 804 243 m:
828 207 990 243 nmo
1015 206 1272 243 motum.
1575 206 1647 242 vn

12 359 14 361 .
137 325 209 364 tas
208 319 376 388 faisse,
391 326 440 363 ut
454 335 508 364 σω
523 321 666 364 verbis
679 321 900 366 Lamberti
912 335 1057 378 supra
1073 324 1142 387 (p.
1154 319 1224 374 VI,
1238 335 1283 363 n.
1298 318 1350 374 4)
1367 317 1531 373 allatis,
1550 333 1644 363 non

0 352 18 418 k.
137 382 252 421 satis
284 377 458 434 quidem
493 379 769 435 perspicuis,
811 394 838 421 a
868 393 1034 436 parere
1063 377 1251 420 videtur.
1306 375 1483 419 Deinde
1512 377 1644 419 etiam

0 433 19 489 ᾗ
133 432 344 490 probavit
359 434 478 477 inter
489 441 647 491 poetae
665 440 705 477 et
722 434 832 477 Lam
859 435 943 477 erti
959 449 1108 476 rerum
1135 439 1361 490 qestarum
1387 431 1644 475 relationem

0 490 19 526 ᾖ
135 488 308 533 nullam
345 490 483 534 aliam
517 491 734 534 rationem
770 490 1036 534 intercedere
1073 490 1166 533 nisi
1194 490 1383 532 duorum
1414 493 1642 531 auctorum

0 532 25 632 ξ
134 546 288 591 eadem
323 547 634 600 narrantium,
671 546 812 590 multa
843 547 896 590 ab
926 553 1112 603 utroque
1140 546 1314 589 diverso
1342 545 1471 588 modo
1499 544 1644 587 relata

134 615 240 652 esss-
304 601 509 660 Denique
554 601 677 646 nullo
717 603 845 646 modo
881 603 1005 646 credi
1033 617 1166 658 posse
1200 601 1385 644 eundem
1422 606 1642 645 auctorem

0 662 9 709 :V
134 658 332 702 mine
365 673 510 716 reqem
547 659 803 717 inqentibus
837 659 1048 703 laudibus
1083 659 1303 713 extulisse,
1332 658 1475 714 paulo
1508 664 1641 715 post¹

0 711 18 771 Β,
131 713 317 758 eundem
335 714 622 782 infestissimo
651 716 800 759 animo
831 716 1089 773 obiurqasse
1117 730 1171 758 ac
1199 715 1492 757 conviciatum
1524 728 1641 767 esse,·

0 766 23 796 ⁵⁷
132 784 247 829 quae
283 778 530 814 consectata
566 774 670 827 sint,
706 778 755 815 ut
783 772 1040 816 Lambertus
1071 786 1114 814 a.
1146 771 1271 814 1076.
1300 771 1559 814 sententiam
1589 770 1643 813 de

130 841 249 885 κρυ,
277 827 528 872 immutasse
572 835 702 886 atque
753 829 982 872 invertisse
1025 828 1294 882 crederetur,
1339 826 1508 870 nullius
1553 842 1641 870 esse

132 884 351 927 momenti.
1119 905 1122 911 ·

244 939 344 983 Iam
377 942 510 984 etiam
546 942 631 984 alii
666 941 804 985 aliam
843 942 1103 984 sententiam
1132 941 1185 984 de
1215 946 1393 983 auctore
1422 939 1639 983 carminis

247 1003 471 1040 usserunt.
501 996 554 1040 G.
585 997 723 1041 Waitz
733 1005 763 1054 ²,
793 999 924 1041 cuius
946 998 1146 1041 animum
1175 998 1230 1040 A.
1251 995 1547 1053 Pannenborq
1578 996 1640 1038 ad

234 1052 332 1109 ipse
361 1053 624 1107 adverterat,
652 1055 825 1098 monuit
852 1055 1014 1098 miram
1044 1053 1273 1111 quandam
1302 1053 1640 1096 similitudinem

129 1109 350 1152 orationis
386 1109 658 1166 deprehendi
695 1112 813 1154 inter
850 1126 1027 1154 carmen
1066 1116 1106 1152 et
1151 1110 1292 1153 Vitam
1322 1109 1530 1152 Heinrici
1558 1107 1639 1161 IV,

127 1165 360 1223 utriusque
375 1167 523 1234 operis
538 1173 761 1210 auctorem
775 1168 968 1211 eiusdem
986 1166 1167 1220 indolis,
1189 1181 1325 1222 aeque
1340 1165 1549 1208 Heinrici
1563 1163 1638 1207 IV.

125 1222 247 1279 reqis
287 1222 661 1267 studiosissimum
695 1224 861 1280 fuisse.
941 1223 1065 1266 Unde
1114 1223 1299 1266 coniecit
1334 1221 1534 1278 forsan-2
1583 1221 1637 1264 ab

126 1276 273 1321 eodem
309 1277 466 1322 clerico
502 1285 734 1337 utrumque
771 1280 932 1323 librum
967 1280 1255 1336 compositum
1290 1293 1392 1322 esse.
1460 1278 1519 1321 Et
1558 1278 1637 1320 hoc

125 1347 276 1377 verum
315 1342 561 1392 cer-tumque
598 1352 688 1381 esse
724 1351 870 1393 nuper
911 1336 974 1380 W.
1013 1335 1282 1379 Gundlach⁴
1320 1335 1637 1378 demonstrasse

125 1389 214 1434 sibi
246 1391 370 1434 visus
406 1399 482 1435 est.
542 1392 662 1442 Quin
692 1394 839 1448 etiam,
867 1392 948 1436 hoc
977 1407 1067 1435 non
1097 1397 1339 1446 contentus,
1369 1392 1469 1448 quis
1484 1390 1637 1445 fuerit

125 1451 285 1491 auctor
318 1453 359 1490 et
393 1450 608 1492 carminis
645 1455 684 1491 et
732 1449 877 1503 Vitae,
921 1450 1157 1492 certissime
1195 1463 1240 1491 se
1280 1447 1517 1491 ostendisse
1552 1447 1638 1490 sibi

118 1504 362 1560 persuasit.
427 1505 491 1548 W.
535 1505 845 1549 Wattenbach⁵
885 1507 1046 1563 optimo
1083 1507 1183 1548 iure
1218 1509 1448 1548 censuerat
1488 1509 1635 1546 aucto·

123 1573 215 1602 rem
250 1561 466 1604 carminis
504 1577 595 1605 non
623 1563 908 1618 monachum,
943 1564 1069 1605 intra
1103 1562 1278 1604 moenia
1306 1559 1504 1603 coenobii
1530 1559 1632 1602 lati-

122 1620 299 1672 tantem,
328 1617 406 1660 sed
424 1618 629 1661 clericum
654 1619 873 1676 quendam
903 1618 1200 1661 cancellariae
1227 1618 1348 1673 reqis
1377 1623 1457 1660 aut
1486 1617 1633 1659 cuius-

122 1671 229 1715 dam
322 1674 480 1730 'ncipis
510 1675 753 1729 addictum,
783 1676 834 1718 in
862 1674 1012 1718 schola
1042 1675 1237 1732 quadam
1267 1677 1474 1730 ’tempore
1495 1672 1700 1720 Heia-⁴2.
1718 1687 1804 1714 ms.

121 1729 209 1772 rici
269 1729 330 1772 Π.
360 1730 550 1786 florente
591 1732 837 1784 eruditum,
864 1732 1028 1788 fuisse.
1094 1731 1192 1773 Iam
1232 1731 1337 1773 hinc
1378 1728 1631 1782 Gundlaclz,

122 1785 234 1884 guin
283 1792 440 1830 auctor
476 1787 773 1831 cancellariae
809 1790 961 1846 reqiae
1002 1788 1258 1844 adscriptus
1285 1787 1458 1843 suerit,
1507 1785 1631 1828 haud

155 1840 308 1897 ubius,
347 1858 444 1886 cum
475 1859 654 1901 operam
683 1845 824 1898 daret,
854 1850 903 1886 ut
932 1844 1213 1887 ‘dictatorem'
1243 1842 1463 1900 quendam
1492 1842 1630 1884 multa

121 1896 370 1997 ἒὲὶῑοπιαία
387 1905 428 1942 et
445 1901 654 1956 epistolas
675 1901 884 1944 Heinrici
902 1901 930 1942 I
935 1900 976 1944 V.
998 1901 1183 1944 dictasse
1213 1900 1467 1953 ostenderet,
1483 1897 1631 1955 facile

190 1954 211 1996 i
239 1956 470 2012 persuasit
506 1957 624 2000 hunc
661 1964 700 1999 et
738 1972 915 1999 carmen
954 1963 994 1999 et
1040 1957 1180 2000 Vitam
1210 1955 1419 1998 Heinrici
1457 1969 1629 2010 compo-

119 2010 276 2054 misse.
332 2011 399 2056 Ac
435 2027 489 2055 ne
528 2011 619 2056 siri
646 2020 736 2057 tam
765 2014 948 2070 eqreqii,
976 2020 1066 2056 tam
1097 2013 1258 2068 optime
1284 2012 1443 2067 meriti,
1472 2025 1629 2054 nomen

126 2125 165 2168 1)
191 2125 275 2161 Iam
296 2125 337 2162 in
362 2127 443 2163 hist.
461 2128 650 2164 Hersveld.
669 2129 828 2164 animum
844 2130 923 2174 reqi
935 2130 1127 2174 infensum,
1151 2126 1315 2163 Annonis
1332 2126 1630 2162 studiosissimum

120 2173 334 2211 Lambertus
353 2177 489 2221 prodit,
510 2177 579 2213 SS.
612 2178 651 2219 V,
674 2190 712 2223 p.
742 2180 832 2212 141.-
856 2180 1061 2220 Heinrieus,
1087 2190 1169 2213 eum
1195 2178 1243 2212 ad
1268 2181 1443 2211 maturam
1468 2178 1630 2211 venisset

121 2228 295 2269 maten,
329 2226 454 2262 relicto
487 2228 679 2272 episcopo,
713 2228 911 2262 seeundum
943 2230 1125 2272 propriam
1158 2228 1248 2262 vixit
1271 2226 1513 2267 voluntatem,
1546 2237 1628 2271 pro·

120 2273 338 2320 mittensque
349 2275 522 2311 ltu-olum
534 2278 706 2321 Magnum
724 2288 789 2311 suo
809 2278 931 2312 seculo
953 2288 1032 2312 sese
1050 2280 1411 2321 repraesentaturum,
1431 2276 1628 2310 Robosm

118 2331 167 2357 ss
206 2326 603 2368 repraesentavit.
639 2352 648 2361 .
676 2351 685 2360 .
713 2352 722 2361 .
764 2327 942 2361 Palatium
986 2327 1134 2370 perditis
1166 2326 1324 2360 moribus
1359 2325 1505 2368 plenum
1541 2329 1628 2359 erat.

121 2369 199 2407 vs·
231 2374 328 2408 onim
359 2374 424 2408 tibi
458 2378 564 2416 tem,
590 2376 690 2410 cuius
722 2387 783 2409 rex
808 2387 898 2420 puer
922 2377 996 2410 est!
1046 2375 1100 2420 Cf.
1126 2380 1159 2410 et
1179 2375 1379 2419 prologum,
1405 2373 1452 2408 ib.
1473 2385 1513 2417 p.
1544 2374 1627 2415 137,

119 2418 185 2454 Ιόὄ
203 2422 404 2466 praedones
430 2423 602 2458 bonorum
626 2424 792 2459 abbatiae
815 2425 990 2468 increpat.
1042 2423 1198 2459 Etiamsi
1221 2423 1333 2468 igitur
1357 2434 1438 2457 cum
1458 2422 1627 2457 Pannen-

121 2466 208 2514 ὅση
243 2481 383 2506 censere
423 2472 479 2507 vis
512 2473 697 2508 historiam
726 2474 869 2509 demum
903 2486 938 2509 a.
968 2474 1075 2509 1076.
1109 2472 1338 2516 compositam
1371 2483 1465 2514 esse,
1494 2470 1627 2516 paucis

119 2517 297 2554 mensibus
313 2521 372 2555 sel
391 2521 519 2565 paucis
544 2522 668 2557 diebus
689 2529 771 2567 post
796 2534 939 2558 carmen
966 2524 1099 2558 editum
1116 2522 1348 2556 Lambertum
1373 2525 1521 2555 mentem
1547 2521 1627 2554 ani-

118 2576 283 2612 mumque
315 2569 518 2605 immutasse
551 2576 707 2615 statues,
742 2572 775 2606 si
804 2573 899 2607 hunc
933 2578 1113 2607 auctorem
1147 2570 1315 2606 carminis
1348 2570 1468 2605 habes.
1521 2569 1626 2611 Quod

118 2615 242 2650 credat
266 2616 429 2653 Iudaeus
453 2618 605 2664 Apella!
703 2622 743 2665 2)
771 2620 921 2656 Carmen
941 2634 983 2666 p.
1004 2622 1052 2654 42
1079 2633 1152 2665 sqq.
1262 2620 1303 2663 3)
1331 2618 1440 2653 Caute
1467 2619 1626 2653 addidit:

119 2663 235 2699 ‘Doch
267 2666 311 2700 ist
345 2667 438 2702 auch
470 2669 546 2703 dies
572 2670 649 2705 eine
683 2670 943 2715 Ver-muthumq,
978 2671 1045 2705 der
1068 2670 1163 2705 nicht
1188 2669 1287 2704 mehr
1320 2668 1434 2703 Werth
1461 2668 1625 2712 beiqeleyt

117 2714 259 2749 werden
290 2716 376 2758 soll,
419 2717 474 2750 als
506 2718 583 2752 eine
616 2720 732 2754 soleke
773 2720 975 2763 uberhaupt
1015 2720 1054 2753 in
1089 2718 1279 2763 Ampruch
1321 2718 1468 2752 uelamen
1510 2715 1626 2760 darf'.

117 2761 160 2804 ⁴)
193 2763 279 2798 ‘Diu
303 2764 470 2799 Dictator
503 2777 570 2801 aus
604 2768 669 2802 der
694 2768 847 2803 Kanslei
872 2769 1004 2803 Kaiser
1034 2767 1229 2803 Heinrichs
1263 2767 1288 2801 Ι
1296 2766 1344 2801 VR
1408 2766 1626 2807 (Innsbruck

120 2810 232 2854 1884)
253 2824 293 2858 p.
323 2815 527 2850 107—127.
564 2817 769 2851 147—166.
798 2818 1004 2852 172—190.
1132 2819 1170 2859 b)
1197 2816 1462 2859 ‘Heidelberyer
1486 2813 1625 2850 Jahrb.'

120 2859 225 2896 18⁶⁹.
246 2873 287 2906 p.
313 2863 397 2899 588.
427 2864 534 2900 18⁷1.
556 2877 595 2909 p.
622 2866 708 2902 261.
