1878 3216
64 334 153 362 102⁸.

96 380 135 414 qs.
147 380 204 412 111,
218 381 264 410 86.

131 446 166 471 ρ.
178 439 264 466 182⁴.

76 514 114 547 d.
124 514 196 543 Aen.
208 515 266 548 111,

86 555 121 581 δι
132 562 143 588 ,·
155 554 267 583 Lmn.

113 594 155 626 11,
178 596 244 622 11⁸.

73 821 110 853 es.
126 820 198 849 Aen.
216 822 263 854 VI,

128 861 195 889 4⁹9.

281 198 302 232 8
562 197 759 232 ΟΔΒΜΕΝ
785 197 851 231 ΒΕ
876 197 1034 231 BELLO
1062 197 1311 232 snomco.
1362 198 1405 233 L.
1429 198 1479 234 11.

391 310 582 368 Agmina
610 310 929 367 Wangionum¹
960 324 1056 353 cum
1086 309 1240 353 robore
1268 309 1536 354 Poiariorum
1544 311 1579 367 D,

393 366 571 421 Suevos,
599 366 840 422 Lotharios,
872 367 1037 424 equites
1066 366 1123 410 ad
1150 364 1264 409 bella
1288 364 1492 421 valentes,

337 433 358 466 5
394 423 476 466 His
506 424 733 466 comitatus
761 423 843 466 iter
869 437 948 466 rex
975 421 1261 480 protendebat
1288 421 1346 464 ad
1372 421 1530 466 hostes.

392 480 523 522 Eius¹
556 485 605 522 ut
632 478 863 522 adventum
892 493 998 536 gens
1028 478 1165 522 audiit
1191 477 1264 521 illa
1291 479 1583 536 propinquum
1593 485 1626 534 ⁶,

391 535 606 579 Diffidens
635 536 780 590 armis,
810 550 932 593 spem
963 536 1130 593 quaerit
1156 536 1202 576 in
1231 534 1349 577 artod
1378 534 1538 580 salutis.

391 592 525 635 Mittit
552 591 716 658 legatos
744 591 800 635 ad
829 592 948 648 regia
977 598 1117 634 castra
1145 591 1341 644 decenos,

390 648 452 691 Ut
479 654 642 691 cunctis
670 649 793 704 regni
820 648 971 705 primis
1001 663 1079 691 sua
1106 647 1263 690 nuncia
1288 647 1459 690 ferrent.

310 713 354 745 10
391 705 477 759 Qui
506 704 834 762 proficiscentes,
863 704 920 747 ad
950 710 1173 761 castraque
1201 703 1510 760 pervenientes,

391 761 559 804 Primos
589 760 765 803 militiae
793 761 908 817 regis
938 761 1199 817 comitesque
1228 759 1443 816 ducesque

391 817 706 874 Pontificesque
734 817 830 874 pios
861 815 1120 873 compellant
1147 814 1327 858 vocibus
1355 815 1474 857 istis:

393 873 446 916 ‘O
478 874 723 930 provisores
751 871 875 929 regni
904 873 1103 930 regisque
1132 871 1293 924 fideles,

390 928 576 972 Auxiliis
605 930 759 972 vestris
787 930 857 971 usi
885 944 964 987 per
991 943 1200 986 prospera
1228 928 1362 985 pacis,

307 996 352 1028 15
387 986 510 1029 Haec
539 992 582 1028 et
611 985 787 1028 consilio
816 986 977 1028 vitare·
1007 985 1197 1044 pericula
1223 990 1367 1027 vestro

391 1042 577 1100 Sperant
603 1048 827 1085 nostrates.
887 1040 970 1085 Cui
998 1047 1151 1099 parent
1179 1055 1316 1098 usque
1343 1039 1549 1096 volentes,

389 1098 614 1141 Adversus
643 1113 790 1155 regem
820 1112 865 1141 se
895 1097 1126 1155 deliquisse
1154 1097 1352 1140 fatentur.

393 1155 480 1198 Sed
512 1168 769 1213 quocunque
798 1154 926 1197 modo
957 1169 1035 1197 vos
1065 1153 1194 1196 vultis
1224 1154 1314 1196 sive
1342 1151 1512 1208 iubetis,

394 1211 535 1268 thue
564 1210 706 1269 placet
733 1211 837 1277 regi,
869 1217 968 1253 sunt
996 1210 1102 1254 haec
1130 1224 1317 1267 purgare
1346 1209 1500 1266 parati.
1549 1230 1552 1234 ·

305 1277 352 1310 20
386 1267 513 1310 Hanc
541 1268 674 1324 igitur
701 1281 871 1310 veniam
902 1272 1089 1324 prestate
1119 1264 1364 1324 petentibus
1393 1279 1537 1320 unam,

389 1323 451 1367 Ut
478 1338 557 1366 vos
586 1324 853 1379 conveniant,
883 1338 974 1366 rem
1002 1322 1126 1366 vobis
1157 1322 1305 1365 ordine
1329 1321 1575 1388 pandant23

390 1380 450 1422 Et
478 1380 731 1435 decernatis,
763 1379 866 1437 quid
895 1394 973 1422 vos
1003 1379 1086 1422 sibi
1114 1379 1377 1436 precipiatis.

391 1436 578 1480 Maiores
606 1443 813 1491 nostrum,
844 1437 995 1494 paucis
1025 1441 1192 1478 tantum
1222 1435 1425 1489 comitati,

394 1493 493 1535 Huc
519 1507 656 1550 prope
686 1498 827 1536 castra
854 1492 940 1535 fide
968 1498 1111 1535 vestra
1139 1506 1308 1546 venere,
1337 1495 1559 1534 manentes

313 1559 358 1591 25
394 1549 598 1592 Vestrum
627 1549 863 1603 consilium,
892 1554 1082 1591 vestrum
1113 1563 1243 1605 super
1271 1548 1415 1590 omnia
1441 1546 1631 1592 iussum’.

455 1605 528 1648 Ad
557 1621 666 1663 quae
694 1606 899 1663 primates
926 1604 1188 1662 respondent
1216 1610 1369 1647 cuncta
1426 1602 1565 1646 lacere

389 1662 514 1705 Haec
541 1661 746 1705 mandata
775 1661 870 1717 sibi,
901 1661 955 1705 de
986 1660 1195 1718 colloquio
1227 1659 1354 1702 simul
1382 1618 1465 1702 illis

388 1719 501 1761 Esse
530 1718 672 1761 locum
702 1718 906 1773 dandum,
937 1718 971 1760 si
1002 1733 1081 1760 rex
1110 1718 1360 1774 permittere
1388 1714 1528 1759 vellet.

388 1775 447 1817 Et
478 1790 583 1818 mox
610 1781 833 1817 narrantes
862 1775 955 1830 regi
984 1773 1198 1827 mandata,
1228 1772 1454 1830 rogabant,

306 1841 352 1873 30
387 1831 448 1874 Ut
476 1831 516 1874 le
549 1836 716 1874 atorum
745 1830 870 1873 liceat
900 1830 982 1873 sibi
1009 1829 1144 1872 verba
1171 1829 1369 1886 probare.

388 1887 491 1944 Ipse
518 1846 608 1930 {oli
637 1887 742 1930 nihil
771 1902 864 1930 esse
892 1893 1023 1942 ratus,
1054 1887 1307 1943 permiserat
1334 1884 1431 1927 illis.

388 1943 618 1986 Pontifices
646 1945 793 2000 igitur,
824 1943 979 2000 primif
1010 1943 1272 2000 comitesque
1300 1941 1516 1998 ducesque

390 1999 692 2043 Conveniunt³
721 2000 854 2041 iuncti
885 1998 1130 2042 Saxonibus
1160 2012 1346 2055 aequore
1374 1997 1516 2054 campi
1528 1997 1558 2040 ‘.

389 2056 582 2099 Plurima
612 2055 807 2099 Saxones
837 2055 891 2098 de
922 2055 1107 2098 domnos
1134 2069 1236 2111 rege
1267 2059 1506 2111 querentes,

307 2123 352 2155 35
390 2113 515 2155 Nunc
544 2112 815 2169 supradictas
846 2112 974 2154 etiam
1005 2112 1236 2154 meminere
1267 2109 1475 2177 querelaS,

390 2169 584 2223 Qualiter
611 2168 787 2225 impulsi
817 2168 1058 2225 cepissentll
1086 2167 1189 2211 talia
1216 2168 1315 2222 nit1;

391 2224 741 2282 Compositisque
771 2224 881 2267 dolis
912 2225 974 2266 sic
1002 2229 1247 2281 pervertere
1276 2228 1474 2280 potentes

390 2282 462 2324 Ex
492 2296 645 2338 aequo,
678 2287 851 2339 ceptum
881 2281 986 2338 quoi
1016 2281 1197 2338 quisque
1226 2278 1430 2337 probaret
1458 2292 1619 2333 eorum,

280 2427 310 2463 a)
331 2427 431 2460 Vane.
443 2429 474 2455 8.
534 2427 567 2462 b)
589 2427 630 2453 sic
643 2435 752 2461 semper
773 2429 799 2454 1.
823 2428 859 2460 2,-
878 2427 988 2453 neuter
1007 2430 1031 2453 ee
1045 2427 1127 2452 Θυῖα.
1139 2426 1244 2459 ubique
1260 2426 1362 2452 Boiar.
1380 2425 1566 2458 scripserunt.
1638 2421 1667 2456 e)
1681 2422 1787 2456 proin-

277 2475 372 2501 quum
395 2469 424 2495 2.
497 2466 528 2502 d)
551 2474 622 2493 arce
645 2469 679 2501 23
707 2470 759 2493 aue
780 2474 851 2493 arce
872 2470 924 2492 aut
946 2469 1011 2493 arte
1032 2466 1064 2492 in
1088 2468 1101 2492 1
1125 2467 1178 2499 leqi
1197 2469 1300 2499 potue.
1377 2465 1406 2499 e)
1428 2463 1521 2491 vitu-1
1544 2463 1576 2496 83
1598 2463 1657 2488 iam
1677 2462 1784 2489 emend.

278 2507 398 2534 Beuber.
482 2507 506 2541 s)
532 2507 687 2540 primique
710 2507 802 2533 duces
826 2507 1014 2539 comitesque
1045 2506 1075 2538 23
1108 2506 1144 2538 es.
1174 2505 1215 2538 II,
1248 2507 1294 2532 ιι.
1385 2503 1416 2537 g)
1447 2503 1507 2529 alio
1536 2505 1645 2528 atram.
1666 2509 1723 2528 m.
1755 2503 1784 2528 1.

278 2547 310 2580 h)
333 2554 419 2580 eaep.
443 2546 477 2579 23
501 2554 586 2580 coep.
611 2549 637 2573 l.
720 2545 744 2580 ί)
767 2546 849 2578 quod
875 2545 982 2578 Waieaef
1002 2546 1052 2571 sed
1072 2545 1108 2578 qs.
1138 2545 1330 2578 Wauenbach,
1353 2543 1536 2575 ‘Heidelberffi
1559 2539 1672 2568 Jahrb!
1697 2540 1784 2568 isu.

277 2595 309 2619 p.
332 2588 400 2613 262.

280 2706 318 2748 1)
347 2705 448 2746 Quae
476 2709 586 2749 poeta
618 2718 651 2740 v.
681 2705 813 2741 6-31,
846 2705 956 2738 tradit
987 2705 1095 2737 mulfo
1126 2704 1295 2746 differunt
1321 2715 1344 2735 a
1368 2702 1578 2736 narratione
1602 2698 1787 2733 Lambere·

272 2767 311 2798 p.
352 2755 438 2788 202.
539 2755 577 2791 2)
617 2753 670 2798 CJ.
710 2754 799 2788 Aen.
839 2753 918 2795 III,
959 2754 1046 2786 179:
1082 2764 1226 2797 remque
1262 2753 1384 2786 ordine
1423 2751 1560 2796 pand03
1604 2749 1666 2791 V1,
1699 2749 1782 2782 ⁷23.

278 2804 317 2847 3)
344 2803 453 2848 Apud
471 2803 694 2848 Gerstunyen
712 2803 770 2837 die
792 2802 865 2837 Oct.
886 2803 954 2842 205
981 2803 1027 2847 cs.
1045 2801 1170 2836 Lamb.
1187 2814 1223 2846 p.
1253 2802 1338 2836 202.
1437 2802 1477 2842 4)
1504 2799 1558 2842 Of.
1576 2797 1665 2833 Aen.
1696 2797 1784 2840 1⁷11,

280 2854 371 2885 781:
395 2864 548 2898 aequore
576 2854 704 2897 campi.
