1878 3216
290 188 336 220 26

319 367 365 399 60

319 648 366 680 65

322 929 367 960 70

322 1212 367 1243 76

542 187 846 229 CONQUESTIO
874 187 1092 221 HEINRICI
1118 188 1180 221 lv.
1206 185 1542 220 IMPERATORIS.

402 300 520 356 Ergo
550 314 654 343 cave
697 300 832 342 nostri
860 314 914 342 ne
944 300 999 342 sit
1029 300 1207 342 mutatio
1235 299 1368 355 regni.

402 357 560 400 Omnia
587 333 824 411 turbantur,
855 371 933 413 per
962 354 1105 399 secula
1133 362 1284 398 cuncta
1313 359 1519 412 parantur

406 413 495 467 Vis,
525 411 646 455 dolus
676 419 719 454 et
748 412 920 467 scelera,
949 427 1063 454 nunc
1092 418 1191 455 sunt
1219 410 1427 463 incendia,
1457 409 1592 464 furta3

404 469 487 511 Pro
518 470 674 511 virtute
736 469 778 511 ia
807 469 1042 512 succedunt
1071 483 1266 534 quaeque
1327 465 1468 522 eriela,

404 525 487 567 Pro
518 526 629 567 iusto
660 524 713 568 be
729 524 831 576 lum,
894 540 940 567 ro
970 524 1174 580 religione
1204 524 1287 567 due
1320 539 1405 566 um.

403 581 528 624 Unde
570 580 756 639 [coortaa
787 540 913 640 maia]
940 596 1054 679 guae
1085 587 1195 636 sunt,
1235 586 1358 623 tenus
1387 579 1467 623 hac
1495 579 1619 637 quasi
1647 577 1792 622 clausa

403 637 596 692 Stabant,
628 644 670 680 et
699 638 849 679 merito
880 653 938 679 nu
970 642 1095 680 antur
1125 643 1317 693 tempore
1345 642 1504 679 nostro.

405 694 572 737 Scisma
600 693 649 735 fit
677 692 903 747 ecclesiae,
934 692 1119 735 mundus
1149 692 1346 735 dissentit
1375 690 1547 749 ubique,

404 749 555 793 Clerus
587 750 640 792 de
669 748 807 807 plebe,
838 750 992 815 vulgus
1023 748 1076 792 de
1106 748 1341 791 nobilitate.

405 806 545 849 Omne
575 807 694 863 pium
725 806 790 847 ius
819 805 1064 862 neghgitur,
1095 804 1166 847 lex
1194 804 1291 847 vilis
1320 803 1514 846 habetur.

403 863 505 904 Iura
534 861 802 905 sacerdotum
833 862 957 919 pleps
989 862 1058 904 exi
1094 861 1125 903 't
1154 861 1288 903 inscia
1317 859 1355 903 le
1387 875 1474 915 um,

405 919 604 976 Baptizat
631 918 799 974 vulgus,
831 924 1023 961 sacratur
1051 877 1278 959 ‹girismate
1307 915 1461 959 nulus.

404 975 498 1017 Lex
528 977 601 1032 pia
629 974 794 1017 deletur
823 975 995 1031 penitus
1026 1003 1290 1018 .......
1302 973 1320 1000 b

404 1032 582 1074 Possem
614 1030 748 1073 multa
777 1031 910 1088 queri,
940 1031 976 1073 si
1006 1029 1135 1073 velles
1168 1029 1229 1088 [tu
1242 1027 1274 1087 c]
1306 1028 1510 1072 misereri.

404 1088 502 1130 Non
530 1094 655 1130 teneo
685 1087 894 1141 lacrimas,
925 1085 1027 1129 dum
1058 1092 1260 1143 computo
1290 1100 1357 1128 res
1387 1084 1666 1128 miserandas.

404 1144 494 1187 Ista
523 1150 696 1186 movent
725 1149 768 1186 et
796 1150 838 1186 te
881 1143 965 1185 nisi
994 1144 1030 1184 si
1060 1157 1206 1185 careas
1236 1143 1411 1199 pietate.

403 1200 510 1254 Quis
539 1206 669 1256 neget
697 1200 803 1243 haec
831 1176 964 1242 fiere?
1019 1199 1237 1252 Miserere,
1270 1212 1432 1255 precor,
1463 1196 1687 1240 miserere!

404 1257 497 1300 Iam
527 1256 631 1299 nihil
661 1256 850 1308 offertur,
880 1270 960 1298 nec
988 1256 1119 1298 missa
1146 1255 1243 1297 Deo
1274 1253 1524 1297 celebratur.

405 1313 574 1355 Mistica
600 1328 727 1355 nemo
757 1311 869 1366 colit,
898 1327 1024 1354 nemo
1055 1311 1159 1367 legit
1186 1316 1261 1353 aut
1289 1310 1424 1366 canit3
1455 1316 1498 1354 et
1527 1309 1644 1367 quid,

408 1369 615 1424 Obsecro,
645 1369 900 1424 mirandum,
931 1383 1029 1410 cum
1059 1368 1193 1411 virtus
1224 1366 1407 1420 deficiat,
1437 1381 1534 1409 cum

405 1426 534 1469 Desit
562 1425 822 1482 apostolicus
851 1424 975 1481 legali
1007 1455 1270 1467 .......
1281 1423 1313 1478 ⁶,

322 1494 369 1525 80
403 1483 473 1524 Ex
503 1483 623 1524 cuius
652 1482 812 1525 meritis
842 1482 1040 1537 vigeante
1070 1495 1159 1538 pax
1188 1485 1231 1522 et
1260 1484 1395 1522 status
1425 1477 1553 1522 orbis.

409 1539 483 1581 Sic
510 1539 621 1581 inter
651 1539 774 1581 mites
806 1538 971 1595 spargit
1000 1535 1214 1580 discordia
1242 1535 1351 1589 lites,

407 1594 518 1638 Cum
549 1610 628 1652 per
656 1601 841 1637 rectores
872 1599 1052 1651 pereunt
1080 1592 1250 1636 virtutis
1279 1591 1475 1634 honores.

409 1651 495 1694 Sed
525 1658 644 1708 puto,
676 1651 737 1693 sic
765 1651 886 1694 faris:
917 1650 1061 1693 ‘Venit
1089 1649 1170 1691 hoc
1198 1663 1253 1691 ex
1283 1647 1459 1690 crimine
1487 1644 1648 1704 patris'.

409 1708 516 1750 Sum
546 1707 726 1750 carnalis
757 1722 838 1764 ego
871 1731 922 1737 -·
954 1707 1062 1748 vivit
1091 1706 1181 1748 sine
1211 1704 1385 1747 crimine
1414 1717 1541 1747 nemo
1571 1728 1626 1735 —

324 1775 371 1808 85
406 1765 465 1807 Et
494 1780 562 1807 me
592 1778 792 1821 peccasse
823 1763 971 1815 fateor,
1002 1762 1077 1805 sed
1108 1775 1254 1819 queso,
1287 1759 1391 1818 quid
1419 1759 1477 1802 ad
1505 1757 1584 1802 te?

409 1821 506 1863 Non
534 1819 911 1877 reprehendendus
939 1833 1019 1861 nec
1049 1834 1166 1861 eram
1196 1817 1275 1860 tibi
1305 1815 1612 1872 corripiendus,

410 1876 509 1931 Qui,
538 1877 621 1919 nisi
649 1876 890 1930 Factorem,
922 1876 1051 1917 statui
1080 1874 1185 1916 mihi
1214 1887 1427 1930 quemque
1455 1872 1665 1915 minorem

410 1934 607 1987 Nomine,
637 1948 723 1976 non
753 1933 918 1976 merito.
978 1930 1144 1985 Quodsi
1173 1930 1239 1972 vis
1267 1927 1424 1986 pellere
1452 1941 1586 1984 regno

409 1990 480 2032 Me
509 1995 790 2047 peccatorem,
821 2002 1025 2045 spernens
1055 1987 1227 2045 pietatis
1256 1999 1459 2040 amorem,

327 2058 373 2090 9ο
410 2046 602 2089 Obsecro
632 2052 674 2089 te
704 2061 782 2111 per
810 2060 908 2088 eum
939 2044 1012 2100 qui
1042 2058 1110 2086 sce
1144 2049 1210 2085 tra
1238 2042 1350 2097 regit
1379 2054 1646 2098 superorum,

410 2103 482 2146 Da
510 2101 659 2145 saltem
689 2102 908 2144 minimam
938 2114 1096 2157 respon
1128 2098 1225 2142 endi
1255 2097 1359 2139 mihi
1387 2111 1573 2140 causam.

412 2160 576 2202 Forsan
605 2165 654 2200 ut
683 2163 973 2215 expurgatus¹
1007 2182 1058 2187 —
1090 2155 1213 2198 adest
1241 2153 1320 2197 tibi
1349 2152 1477 2197 turba
1505 2157 1680 2196 senatus
1709 2177 1764 2184 —

411 2216 629 2258 Restituar
657 2229 804 2271 regno,
834 2213 926 2268 tibi,
956 2218 1068 2266 nate,
1099 2212 1203 2255 satis
1232 2209 1442 2253 faciendo.

414 2271 580 2325 Quodsi
609 2271 772 2328 privari
800 2285 869 2312 me
895 2283 1031 2335 regno
1061 2267 1336 2334 proposuisti,

328 2339 375 2371 95
410 2326 657 2385 Expulsum
687 2328 840 2369 misere
871 2340 964 2368 sine
991 2340 1084 2368 ven
1113 2322 1368 2376 conditione,

301 2468 332 2504 a)
353 2469 437 2496 uncie
463 2468 585 2494 inducie
612 2468 748 2493 lacunam
774 2467 879 2493 codicis
908 2466 1019 2499 explere
1046 2466 1169 2490 conatus
1199 2470 1271 2489 eum.
1353 2461 1385 2495 b)
1406 2461 1513 2488 lamna
1533 2460 1566 2487 ἔοι
1585 2457 1802 2497 aglaum

297 2518 329 2543 p,
353 2510 400 2542 4⁶,
426 2516 457 2535 n.
480 2509 508 2535 8.
539 2508 612 2533 male
632 2507 788 2540 mpplevie:
812 2507 862 2533 ius
883 2506 1082 2532 dilaceratur.
1165 2501 1193 2536 c)
1215 2503 1289 2528 decet
1311 2509 1353 2534 c.,·
1372 2501 1514 2534 supplevit
1531 2499 1615 2527 Waee.
1705 2497 1739 2533 d)
1758 2499 1801 2525 la·

301 2557 379 2575 euna
407 2549 440 2574 in
467 2555 511 2579 e.‚·
546 2550 628 2580 potu
655 2547 788 2579 supplere
816 2546 884 2572 {ure
913 2548 1051 2576 οτεειιιις
1088 2542 1175 2569 nimie
1204 2542 1315 2574 inepte,
1342 2547 1458 2566 aeneum
1485 2542 1510 2566 ee
1537 2545 1651 2565 vere-m
1677 2538 1802 2570 ludam
1866 2551 1878 2574 .⁴

301 2588 442 2622 supplevit
463 2587 613 2614 Gundlach
630 2594 664 2619 p.
683 2587 731 2617 46,
751 2594 783 2612 n.
807 2587 841 2612 1.·
862 2584 997 2618 principi
1017 2583 1116 2615 regni.
1197 2581 1226 2615 e)
1249 2582 1358 2613 iugera
1377 2587 1420 2613 00,-
1437 2587 1515 2607 σον-ι’.
1541 2578 1625 2606 Waee.

305 2701 342 2744 1)
369 2700 423 2746 (ff.
442 2700 543 2745 epist.
560 2698 726 2734 Heinrici
749 2697 834 2742 imp.
863 2698 911 2731 ad
928 2696 1135 2740 Philippum
1158 2705 1275 2739 regem
1300 2695 1322 2728 l.
1350 2693 1394 2727 l..·
1418 2695 1458 2726 ut
1481 2692 1583 2726 locus
1604 2694 1641 2725 et
1663 2693 1805 2734 tempu·

303 2750 390 2785 mihi
408 2751 562 2791 daretur,
586 2750 647 2783 ubi
672 2750 710 2782 in
727 2748 932 2792 praesentia
950 2746 1107 2780 omnium
1134 2744 1346 2789 principum,
1372 2741 1468 2776 unde
1485 2742 1659 2775 innocen·
1677 2749 1804 2781 estem,
1868 2733 1874 2741 ”

304 2812 349 2835 ex
373 2799 506 2834 iudicio
533 2799 690 2833 omnium
717 2809 773 2831 me
801 2806 1052 2841 expurgarem3
1080 2793 1179 2837 epia.
1197 2791 1363 2827 Heinrici
1390 2791 1439 2826 ad
1457 2788 1652 2835 principes,
1686 2787 1736 2823 W.
1760 2787 1806 2823 do

305 2849 538 2891 Giesebrecht,
565 2846 625 2884 ίΒ.
652 2846 739 2881 KZ:
766 2846 845 2889 III,
871 2845 1024 2880 Ducum.
1054 2839 1142 2878 16¹),
